<record><leader>00000cas a2200000 a 4500</leader><controlfield tag="001">45625202</controlfield><controlfield tag="008">001227cuuuu9999fluwr ne      0    0eng c</controlfield><datafield ind1=" " ind2=" " tag="010"><subfield code="a">sn 00063037 </subfield></datafield><datafield ind1=" " ind2=" " tag="040"><subfield code="a">NYS</subfield><subfield code="b">eng</subfield><subfield code="c">NYS</subfield><subfield code="d">OCLCQ</subfield><subfield code="d">OCLCF</subfield><subfield code="d">OCLCO</subfield></datafield><datafield ind1="1" ind2=" " tag="029"><subfield code="a">AU@</subfield><subfield code="b">000022171338</subfield></datafield><datafield ind1=" " ind2=" " tag="037"><subfield code="b">10621 117th Dr N, Largo, FL 33773</subfield></datafield><datafield ind1=" " ind2=" " tag="042"><subfield code="a">pcc</subfield></datafield><datafield ind1=" " ind2=" " tag="043"><subfield code="a">n-us-fl</subfield></datafield><datafield ind1="0" ind2="0" tag="245"><subfield code="a">Largo &amp; Clearwater leader.</subfield></datafield><datafield ind1="3" ind2=" " tag="246"><subfield code="a">Largo and Clearwater leader</subfield></datafield><datafield ind1="3" ind2="0" tag="246"><subfield code="a">Leader</subfield></datafield><datafield ind1="1" ind2="7" tag="246"><subfield code="a">Leader publications</subfield></datafield><datafield ind1=" " ind2=" " tag="260"><subfield code="a">Largo, FL :</subfield><subfield code="b">Tampa Bay Newspapers, Inc.</subfield></datafield><datafield ind1=" " ind2=" " tag="300"><subfield code="a">v. :</subfield><subfield code="b">ill. (some col.) ;</subfield><subfield code="c">44 cm.</subfield></datafield><datafield ind1=" " ind2=" " tag="310"><subfield code="a">Weekly (published every Thursday)</subfield></datafield><datafield ind1=" " ind2=" " tag="500"><subfield code="a">"Proud of our past ... Dedicated to the future."</subfield></datafield><datafield ind1=" " ind2=" " tag="500"><subfield code="a">"Beacon Leader Bee Today Journal Publications."</subfield></datafield><datafield ind1=" " ind2=" " tag="588"><subfield code="a">Description based on: Vol. 23, no. 18 (Oct. 5-11, 2000).</subfield></datafield><datafield ind1=" " ind2="0" tag="651"><subfield code="a">Largo (Fla.)</subfield><subfield code="v">Newspapers.</subfield></datafield><datafield ind1=" " ind2="0" tag="651"><subfield code="a">Clearwater (Fla.)</subfield><subfield code="v">Newspapers.</subfield></datafield><datafield ind1=" " ind2="0" tag="651"><subfield code="a">Pinellas County (Fla.)</subfield><subfield code="v">Newspapers.</subfield></datafield><datafield ind1=" " ind2="7" tag="655"><subfield code="a">Newspapers.</subfield><subfield code="2">fast</subfield><subfield code="0">(OCoLC)fst01423814</subfield></datafield><datafield ind1=" " ind2="7" tag="651"><subfield code="a">Florida</subfield><subfield code="z">Clearwater.</subfield><subfield code="2">fast</subfield><subfield code="0">(OCoLC)fst01215622</subfield></datafield><datafield ind1=" " ind2="7" tag="651"><subfield code="a">Florida</subfield><subfield code="z">Largo.</subfield><subfield code="2">fast</subfield><subfield code="0">(OCoLC)fst01209100</subfield></datafield><datafield ind1=" " ind2="7" tag="651"><subfield code="a">Florida</subfield><subfield code="z">Pinellas County.</subfield><subfield code="2">fast</subfield><subfield code="0">(OCoLC)fst01209407</subfield></datafield><datafield ind1=" " ind2=" " tag="752"><subfield code="a">United States</subfield><subfield code="b">Florida</subfield><subfield code="c">Pinellas</subfield><subfield code="d">Largo.</subfield></datafield><datafield ind1=" " ind2=" " tag="752"><subfield code="a">United States</subfield><subfield code="b">Florida</subfield><subfield code="c">Pinellas</subfield><subfield code="d">Clearwater.</subfield></datafield><datafield ind1="0" ind2=" " tag="770"><subfield code="t">Downtown Largo Main Street news</subfield><subfield code="g">&lt;2000&gt;</subfield><subfield code="w">(DLC)sn 00063038</subfield><subfield code="w">(OCoLC)45625203</subfield></datafield></record>